<?xml version="1.0" encoding="UTF-8"?><collection xmlns="http://www.loc.gov/MARC21/slim"><record><leader>00363nam--2200133-i-4500</leader><controlfield tag="001">000026806</controlfield><controlfield tag="002">20161230</controlfield><controlfield tag="005">20161230201036</controlfield><controlfield tag="008">060222s1000------------r-----000-0-eng-d</controlfield><datafield ind1=" " ind2=" " tag="080"><subfield code="a">621.38(022)=2</subfield></datafield><datafield ind1=" " ind2=" " tag="100"><subfield code="a">Koeffler, Royce Gerald., Horrel, Maurice Wilson</subfield></datafield><datafield ind1=" " ind2=" " tag="245"><subfield code="a">Basics electronics</subfield></datafield><datafield ind1=" " ind2=" " tag="260"><subfield code="a">New York, John Wiley &amp; Sons, /1949/, Xiv + 435p</subfield></datafield><datafield ind1=" " ind2=" " tag="852"><subfield code="a">1107</subfield></datafield></record></collection>